[gd_scene load_steps=16 format=2]

[ext_resource path="res://old/gameplay/entity/element/Element.tscn" type="PackedScene" id=1]
[ext_resource path="res://asset/sprite/colored_transparent_packed.png" type="Texture" id=2]
[ext_resource path="res://old/gameplay/effect/SenseEffect.gd" type="Script" id=3]
[ext_resource path="res://old/gameplay/command/OnSelf.gd" type="Script" id=4]
[ext_resource path="res://old/gameplay/effect/EnergyEffect.gd" type="Script" id=5]
[ext_resource path="res://old/vfx/splash/ExplosionPuff.tscn" type="PackedScene" id=6]
[ext_resource path="res://old/gameplay/ability/Ability.tscn" type="PackedScene" id=7]
[ext_resource path="res://old/gameplay/property/sensor/AreaSensor.gd" type="Script" id=8]
[ext_resource path="res://old/gameplay/command/OnArea.gd" type="Script" id=9]
[ext_resource path="res://old/gameplay/common/MovementProfile.gd" type="Script" id=10]
[ext_resource path="res://old/gameplay/spell/fire-bomb/TriggersWhenSomethingEnters.gd" type="Script" id=13]
[ext_resource path="res://old/gameplay/command/NewEffect.gd" type="Script" id=14]

[sub_resource type="AtlasTexture" id=1]
atlas = ExtResource( 2 )
region = Rect2( 496, 176, 16, 16 )

[sub_resource type="Resource" id=2]
resource_local_to_scene = true
resource_name = "MovementProfile"
script = ExtResource( 10 )
mask = 32
operation = 0

[sub_resource type="Resource" id=3]
resource_name = "MovementProfile"
script = ExtResource( 10 )
mask = 39
operation = 0

[node name="FireBomb" instance=ExtResource( 1 )]
modulate = Color( 1, 0, 0, 1 )
texture = SubResource( 1 )
entity_name = "Fire Bomb"
movement_profile = SubResource( 2 )

[node name="Explosive" type="Node2D" parent="." index="1"]
script = ExtResource( 8 )
INFO = "explosive"

[node name="WhenSomethingEnters" type="Node" parent="Explosive" index="0"]
script = ExtResource( 13 )
EFFECT_TYPES = [ ExtResource( 3 ), ExtResource( 5 ) ]
APPLIES_EFFECT = true

[node name="Explode" parent="Explosive/WhenSomethingEnters" index="0" instance=ExtResource( 7 )]

[node name="OnArea" type="Node" parent="Explosive/WhenSomethingEnters/Explode" index="0"]
script = ExtResource( 9 )
RADIUS = 1
movement_profile = SubResource( 3 )
VFX_SCN = ExtResource( 6 )

[node name="Blast" type="Node" parent="Explosive/WhenSomethingEnters/Explode/OnArea" index="0"]
script = ExtResource( 14 )
effect_type = "EnergyEffect"
value = 0
value_constant = 1
trait/impact = true
trait/fire = false
trait/life = false
trait/shock = false

[node name="Burn" type="Node" parent="Explosive/WhenSomethingEnters/Explode/OnArea" index="1"]
script = ExtResource( 14 )
effect_type = "EnergyEffect"
value = 0
value_constant = 1
trait/impact = false
trait/fire = true
trait/life = false
trait/shock = false

[node name="OnSelf" type="Node" parent="Explosive/WhenSomethingEnters/Explode" index="1"]
script = ExtResource( 4 )

[node name="Destroy" type="Node" parent="Explosive/WhenSomethingEnters/Explode/OnSelf" index="0"]
script = ExtResource( 14 )
effect_type = "DestroyEffect"
