[gd_scene load_steps=15 format=2]

[ext_resource path="res://old/gameplay/spell/Spell.tscn" type="PackedScene" id=1]
[ext_resource path="res://old/gameplay/common/MovementProfile.gd" type="Script" id=2]
[ext_resource path="res://old/gameplay/command/SelectDirection.gd" type="Script" id=3]
[ext_resource path="res://old/gameplay/command/GetFromContext.gd" type="Script" id=4]
[ext_resource path="res://old/gameplay/command/NewEffect.gd" type="Script" id=5]
[ext_resource path="res://old/gameplay/command/OnArea.gd" type="Script" id=6]
[ext_resource path="res://old/gameplay/command/Self.gd" type="Script" id=7]
[ext_resource path="res://old/gameplay/command/TileOfEntity.gd" type="Script" id=8]
[ext_resource path="res://old/gameplay/command/TilePlusDir.gd" type="Script" id=9]
[ext_resource path="res://old/gameplay/command/RelativeTileFromDir.gd" type="Script" id=10]
[ext_resource path="res://asset/sprite/colored_transparent_packed.png" type="Texture" id=11]

[sub_resource type="AtlasTexture" id=1]
atlas = ExtResource( 11 )
region = Rect2( 464, 336, 16, 16 )

[sub_resource type="Resource" id=2]
script = ExtResource( 2 )
mask = 7
operation = 0

[sub_resource type="Resource" id=3]
script = ExtResource( 2 )
mask = 0
operation = 0

[node name="PulseWave" instance=ExtResource( 1 )]
spell_name = "Pulse Wave"
spell_icon = SubResource( 1 )
description = "PULSE WAVE
(directional, 3x3 area)

Move everything in the area 2 tiles away."

[node name="SelectDirection" type="Node" parent="MainAbility" index="0"]
script = ExtResource( 3 )

[node name="AreaCenter" type="Node" parent="MainAbility" index="1"]
script = ExtResource( 9 )
MULTIPLIER = 2

[node name="TileOfEntity" type="Node" parent="MainAbility/AreaCenter" index="0"]
script = ExtResource( 8 )

[node name="Self" type="Node" parent="MainAbility/AreaCenter/TileOfEntity" index="0"]
script = ExtResource( 7 )

[node name="TargetDir" type="Node" parent="MainAbility/AreaCenter" index="1"]
script = ExtResource( 4 )
field = 2

[node name="OnArea" type="Node" parent="MainAbility" index="2"]
script = ExtResource( 6 )
TARGET = 2
RADIUS = 1
EVAL_PATH = NodePath("../AreaCenter")
movement_profile = SubResource( 2 )

[node name="PushAway" type="Node" parent="MainAbility/OnArea" index="0"]
script = ExtResource( 5 )
effect_type = "MoveEffect"
tile = 2
eval_tile_path = NodePath("RelativeTileFromDir")
movement_profile = SubResource( 3 )
trait/relative = true

[node name="RelativeTileFromDir" type="Node" parent="MainAbility/OnArea/PushAway" index="0"]
script = ExtResource( 10 )
MULTIPLIER = 2

[node name="TargetDir" type="Node" parent="MainAbility/OnArea/PushAway/RelativeTileFromDir" index="0"]
script = ExtResource( 4 )
field = 2
