[gd_resource type="Resource" load_steps=10 format=2]

[ext_resource path="res://old/gameplay/entity/obstacle/plant/Bush.tscn" type="PackedScene" id=1]
[ext_resource path="res://old/gameplay/entity/obstacle/Rock.tscn" type="PackedScene" id=2]
[ext_resource path="res://old/battle/map/Biome.gd" type="Script" id=3]
[ext_resource path="res://old/battle/map/entity_generator/EntityDensityGenerator.gd" type="Script" id=4]
[ext_resource path="res://old/gameplay/entity/obstacle/plant/Tree.tscn" type="PackedScene" id=5]

[sub_resource type="Resource" id=1]
resource_name = "EntityDensityGenerator"
script = ExtResource( 4 )
on_tile_type = "grass"
entity_scn = ExtResource( 1 )
density = 0.4

[sub_resource type="Resource" id=2]
resource_name = "EntityDensityGenerator"
script = ExtResource( 4 )
on_tile_type = "dirt"
entity_scn = ExtResource( 1 )
density = 0.2

[sub_resource type="Resource" id=3]
resource_name = "EntityDensityGenerator"
script = ExtResource( 4 )
on_tile_type = "dirt"
entity_scn = ExtResource( 2 )
density = 0.1

[sub_resource type="Resource" id=4]
resource_name = "EntityDensityGenerator"
script = ExtResource( 4 )
on_tile_type = "grass"
entity_scn = ExtResource( 5 )
density = 0.1

[resource]
resource_local_to_scene = true
resource_name = "Biome"
script = ExtResource( 3 )
gen_type = 0
entity_generators = [ SubResource( 1 ), SubResource( 2 ), SubResource( 3 ), SubResource( 4 ) ]
