[gd_scene load_steps=12 format=2]

[ext_resource path="res://util/constants/Constants.tscn" type="PackedScene" id=1]
[ext_resource path="res://view/map/test_map/TestMap.tscn" type="PackedScene" id=2]
[ext_resource path="res://state/gameplay_mode/exploration_mode/ExplorationMode.gd" type="Script" id=3]
[ext_resource path="res://state/title_menu/TitleMenu.gd" type="Script" id=4]
[ext_resource path="res://state/campaign/Campaign.gd" type="Script" id=5]
[ext_resource path="res://state/turn_tracking/TurnTracking.gd" type="Script" id=6]
[ext_resource path="res://view/map/PlayerView.tscn" type="PackedScene" id=7]
[ext_resource path="res://state/gameplay_mode/tactical_mode/TacticalMode.gd" type="Script" id=9]
[ext_resource path="res://state/gameplay_mode/GameplayMode.gd" type="Script" id=10]
[ext_resource path="res://view/map/bodyview/BodyView.tscn" type="PackedScene" id=11]
[ext_resource path="res://simulation/entity/player/Player.tscn" type="PackedScene" id=12]


[node name="Constants" instance=ExtResource( 1 )]
title_menu_state = ExtResource( 4 )
campaign_state = ExtResource( 5 )
turn_tracking_state = ExtResource( 6 )
gameplay_mode_state = ExtResource( 10 )
exploration_mode_state = ExtResource( 3 )
tactical_mode_state = ExtResource( 9 )
player_entity_scene = ExtResource( 12 )
map_scene = ExtResource( 2 )
player_view_scene = ExtResource( 7 )
body_view_scene = ExtResource( 11 )
