[gd_scene load_steps=5 format=2]

[ext_resource path="res://view/map/Map.tscn" type="PackedScene" id=1]
[ext_resource path="res://view/map/tool/spawn/SingleEntitySpawn.tscn" type="PackedScene" id=2]
[ext_resource path="res://simulation/entity/tree/Tree.tscn" type="PackedScene" id=3]
[ext_resource path="res://simulation/entity/spider/Spider.tscn" type="PackedScene" id=4]

[node name="Map" instance=ExtResource( 1 )]

[node name="TreeSpawn" parent="." index="5" instance=ExtResource( 2 )]
transform = Transform( 1, 0, 0, 0, 1, 0, 0, 0, 1, 9.53674e-07, 0, -1.5 )
hex = Vector2( 11, 8 )
entity_scn = ExtResource( 3 )

[node name="TreeSpawn2" parent="." index="6" instance=ExtResource( 2 )]
transform = Transform( 1, 0, 0, 0, 1, 0, 0, 0, 1, -1.73205, 0, 0 )
hex = Vector2( 8, 10 )
entity_scn = ExtResource( 3 )

[node name="TreeSpawn3" parent="." index="7" instance=ExtResource( 2 )]
transform = Transform( 1, 0, 0, 0, 1, 0, 0, 0, 1, -0.866025, 0, 1.5 )
hex = Vector2( 8, 12 )
entity_scn = ExtResource( 3 )

[node name="SpiderSpawn" parent="." index="8" instance=ExtResource( 2 )]
transform = Transform( 1, 0, 0, 0, 1, 0, 0, 0, 1, 2.16506, 0, -0.75 )
hex = Vector2( 13, 9 )
entity_scn = ExtResource( 4 )

[node name="SpiderSpawn2" parent="." index="9" instance=ExtResource( 2 )]
transform = Transform( 1, 0, 0, 0, 1, 0, 0, 0, 1, 0.866026, 0, 3 )
hex = Vector2( 9, 14 )
entity_scn = ExtResource( 4 )

[node name="SpiderSpawn3" parent="." index="10" instance=ExtResource( 2 )]
transform = Transform( 1, 0, 0, 0, 1, 0, 0, 0, 1, -3.03109, 0, 3.75 )
hex = Vector2( 4, 15 )
entity_scn = ExtResource( 4 )

[node name="SpiderSpawn4" parent="." index="11" instance=ExtResource( 2 )]
transform = Transform( 1, 0, 0, 0, 1, 0, 0, 0, 1, -2.59808, 0, -4.5 )
hex = Vector2( 10, 4 )
entity_scn = ExtResource( 4 )

[node name="SpiderSpawn5" parent="." index="12" instance=ExtResource( 2 )]
transform = Transform( 1, 0, 0, 0, 1, 0, 0, 0, 1, 2.16506, 0, -3.75 )
hex = Vector2( 15, 5 )
entity_scn = ExtResource( 4 )
