[gd_scene load_steps=14 format=2]

[ext_resource path="res://old/gameplay/spell/Spell.tscn" type="PackedScene" id=1]
[ext_resource path="res://old/gameplay/command/OnArea.gd" type="Script" id=2]
[ext_resource path="res://old/gameplay/command/SelectDirection.gd" type="Script" id=3]
[ext_resource path="res://old/gameplay/command/GetFromContext.gd" type="Script" id=4]
[ext_resource path="res://old/gameplay/command/Self.gd" type="Script" id=5]
[ext_resource path="res://old/gameplay/command/TileOfEntity.gd" type="Script" id=6]
[ext_resource path="res://old/gameplay/command/TilePlusDir.gd" type="Script" id=7]
[ext_resource path="res://old/gameplay/command/NewEffect.gd" type="Script" id=8]
[ext_resource path="res://old/vfx/splash/Hit.tscn" type="PackedScene" id=9]
[ext_resource path="res://asset/sprite/colored_transparent_packed.png" type="Texture" id=10]
[ext_resource path="res://old/gameplay/common/MovementProfile.gd" type="Script" id=11]

[sub_resource type="AtlasTexture" id=1]
atlas = ExtResource( 10 )
region = Rect2( 496, 192, 16, 16 )

[sub_resource type="Resource" id=2]
resource_name = "MovementProfile"
script = ExtResource( 11 )
mask = 39
operation = 0

[node name="ScatterBlast" instance=ExtResource( 1 )]
spell_name = "Scattered Blast"
spell_icon = SubResource( 1 )
description = "SCATTERED BLAST
(directional, initiative -2)

Blasts anything over a 3x3 area in the chosen direction by causing IMPACT 1."

[node name="MainAbility" parent="." index="0"]
action_speed_modifier = -2

[node name="SelectDirection" type="Node" parent="MainAbility" index="0"]
script = ExtResource( 3 )

[node name="TileOfEntity" type="Node" parent="MainAbility/SelectDirection" index="0"]
script = ExtResource( 6 )

[node name="Self" type="Node" parent="MainAbility/SelectDirection/TileOfEntity" index="0"]
script = ExtResource( 5 )

[node name="TilePlusDir" type="Node" parent="MainAbility" index="1"]
script = ExtResource( 7 )
MULTIPLIER = 2

[node name="TileOfEntity" type="Node" parent="MainAbility/TilePlusDir" index="0"]
script = ExtResource( 6 )

[node name="Self" type="Node" parent="MainAbility/TilePlusDir/TileOfEntity" index="0"]
script = ExtResource( 5 )

[node name="GetFromContext" type="Node" parent="MainAbility/TilePlusDir" index="1"]
script = ExtResource( 4 )
field = 2

[node name="OnArea" type="Node" parent="MainAbility" index="2"]
script = ExtResource( 2 )
TARGET = 2
RADIUS = 1
EVAL_PATH = NodePath("../TilePlusDir")
movement_profile = SubResource( 2 )
VFX_SCN = ExtResource( 9 )

[node name="Blast" type="Node" parent="MainAbility/OnArea" index="0"]
script = ExtResource( 8 )
effect_type = "EnergyEffect"
value = 0
value_constant = 1
trait/impact = true
trait/fire = false
trait/shock = false
trait/life = false
