[gd_scene load_steps=31 format=2]

[ext_resource path="res://old/campaign/Campaign.tscn" type="PackedScene" id=1]
[ext_resource path="res://old/campaign/Chunk.tscn" type="PackedScene" id=2]
[ext_resource path="res://old/campaign/alpha/maps/C5_homebase.tscn" type="PackedScene" id=3]
[ext_resource path="res://asset/sprite/colored_transparent_packed.png" type="Texture" id=4]
[ext_resource path="res://old/gameplay/entity/player/Player.tscn" type="PackedScene" id=5]
[ext_resource path="res://old/campaign/alpha/maps/C4_first_blood.tscn" type="PackedScene" id=6]
[ext_resource path="res://old/campaign/alpha/maps/C3_eastern_shore.tscn" type="PackedScene" id=7]
[ext_resource path="res://old/campaign/alpha/maps/C2_crossroads.tscn" type="PackedScene" id=8]
[ext_resource path="res://old/campaign/alpha/maps/C1_central_woods.tscn" type="PackedScene" id=9]
[ext_resource path="res://old/campaign/alpha/maps/D1_easter_woods.tscn" type="PackedScene" id=10]
[ext_resource path="res://old/campaign/alpha/maps/B1_western_woods.tscn" type="PackedScene" id=11]
[ext_resource path="res://old/campaign/alpha/maps/B2_swamp_entrance.tscn" type="PackedScene" id=12]
[ext_resource path="res://old/campaign/alpha/maps/A5_maze_ruins_left.tscn" type="PackedScene" id=13]
[ext_resource path="res://old/campaign/alpha/maps/B5_maze_ruins_right.tscn" type="PackedScene" id=14]
[ext_resource path="res://old/campaign/alpha/maps/B4_ruins_entrance.tscn" type="PackedScene" id=15]
[ext_resource path="res://old/campaign/alpha/maps/A4_ruins_fountain.tscn" type="PackedScene" id=16]
[ext_resource path="res://old/campaign/alpha/maps/E3_fortress_entrance.tscn" type="PackedScene" id=17]
[ext_resource path="res://old/campaign/alpha/maps/E2_fortress_secret.tscn" type="PackedScene" id=18]
[ext_resource path="res://old/campaign/alpha/maps/E1_fortress_boss.tscn" type="PackedScene" id=19]
[ext_resource path="res://old/campaign/alpha/maps/B3_swamp_bridge.tscn" type="PackedScene" id=20]
[ext_resource path="res://old/campaign/alpha/maps/A2_swamp_crossroad.tscn" type="PackedScene" id=21]
[ext_resource path="res://old/campaign/alpha/maps/A3_swamp_rewards.tscn" type="PackedScene" id=22]
[ext_resource path="res://old/campaign/alpha/maps/D5_southern_cave.tscn" type="PackedScene" id=23]
[ext_resource path="res://old/campaign/alpha/maps/D4_central_cave.tscn" type="PackedScene" id=24]
[ext_resource path="res://old/campaign/alpha/maps/D2_northern_cave.tscn" type="PackedScene" id=25]
[ext_resource path="res://old/campaign/alpha/maps/D3_cave_entrance.tscn" type="PackedScene" id=26]
[ext_resource path="res://old/campaign/alpha/maps/A1_the_pond.tscn" type="PackedScene" id=27]
[ext_resource path="res://old/campaign/alpha/maps/E5_watchtower.tscn" type="PackedScene" id=28]
[ext_resource path="res://old/campaign/alpha/maps/E4_the_wall.tscn" type="PackedScene" id=29]

[sub_resource type="AtlasTexture" id=1]
atlas = ExtResource( 4 )
region = Rect2( 624, 208, 16, 16 )

[node name="Campaign" instance=ExtResource( 1 )]
STARTING_COORDS = Vector2( 2, 4 )
PLAYER_SCN = ExtResource( 5 )

[node name="WorldMap" parent="." index="1"]
columns = 5

[node name="Chunk" parent="WorldMap" index="0"]
texture = SubResource( 1 )
scene = ExtResource( 27 )

[node name="Chunk2" parent="WorldMap" index="1"]
texture = SubResource( 1 )
scene = ExtResource( 11 )

[node name="Chunk3" parent="WorldMap" index="2"]
texture = SubResource( 1 )
scene = ExtResource( 9 )

[node name="Chunk4" parent="WorldMap" index="3"]
margin_left = 204.0
margin_top = 0.0
margin_right = 268.0
margin_bottom = 64.0
texture = SubResource( 1 )
scene = ExtResource( 10 )

[node name="Chunk5" parent="WorldMap" index="4"]
margin_left = 272.0
margin_top = 0.0
margin_right = 336.0
margin_bottom = 64.0
texture = SubResource( 1 )
scene = ExtResource( 19 )

[node name="Chunk6" parent="WorldMap" index="5"]
margin_left = 0.0
margin_right = 64.0
texture = SubResource( 1 )
scene = ExtResource( 21 )

[node name="Chunk7" parent="WorldMap" index="6"]
margin_left = 68.0
margin_top = 68.0
margin_right = 132.0
margin_bottom = 132.0
texture = SubResource( 1 )
scene = ExtResource( 12 )

[node name="Chunk8" parent="WorldMap" index="7"]
margin_left = 136.0
margin_top = 68.0
margin_right = 200.0
margin_bottom = 132.0
texture = SubResource( 1 )
scene = ExtResource( 8 )

[node name="Chunk9" parent="WorldMap" index="8"]
margin_left = 204.0
margin_top = 68.0
margin_right = 268.0
margin_bottom = 132.0
texture = SubResource( 1 )
scene = ExtResource( 25 )

[node name="Chunk10" parent="WorldMap" index="9"]
margin_left = 272.0
margin_top = 68.0
margin_right = 336.0
margin_bottom = 132.0
texture = SubResource( 1 )
scene = ExtResource( 18 )

[node name="Chunk11" parent="WorldMap" index="10"]
margin_left = 0.0
margin_top = 136.0
margin_right = 64.0
margin_bottom = 200.0
texture = SubResource( 1 )
scene = ExtResource( 22 )

[node name="Chunk12" parent="WorldMap" index="11"]
margin_left = 68.0
margin_top = 136.0
margin_right = 132.0
margin_bottom = 200.0
texture = SubResource( 1 )
scene = ExtResource( 20 )

[node name="Chunk13" parent="WorldMap" index="12" instance=ExtResource( 2 )]
margin_left = 136.0
margin_top = 136.0
margin_right = 200.0
margin_bottom = 200.0
texture = SubResource( 1 )
scene = ExtResource( 7 )

[node name="Chunk14" parent="WorldMap" index="13" instance=ExtResource( 2 )]
margin_left = 204.0
margin_top = 136.0
margin_right = 268.0
margin_bottom = 200.0
texture = SubResource( 1 )
scene = ExtResource( 26 )

[node name="Chunk15" parent="WorldMap" index="14" instance=ExtResource( 2 )]
margin_left = 272.0
margin_top = 136.0
margin_right = 336.0
margin_bottom = 200.0
texture = SubResource( 1 )
scene = ExtResource( 17 )

[node name="Chunk16" parent="WorldMap" index="15" instance=ExtResource( 2 )]
margin_top = 204.0
margin_bottom = 268.0
texture = SubResource( 1 )
scene = ExtResource( 16 )

[node name="Chunk17" parent="WorldMap" index="16" instance=ExtResource( 2 )]
margin_left = 68.0
margin_top = 204.0
margin_right = 132.0
margin_bottom = 268.0
texture = SubResource( 1 )
scene = ExtResource( 15 )

[node name="Chunk18" parent="WorldMap" index="17" instance=ExtResource( 2 )]
margin_left = 136.0
margin_top = 204.0
margin_right = 200.0
margin_bottom = 268.0
texture = SubResource( 1 )
scene = ExtResource( 6 )

[node name="Chunk19" parent="WorldMap" index="18" instance=ExtResource( 2 )]
margin_left = 204.0
margin_top = 204.0
margin_right = 268.0
margin_bottom = 268.0
texture = SubResource( 1 )
scene = ExtResource( 24 )

[node name="Chunk20" parent="WorldMap" index="19" instance=ExtResource( 2 )]
margin_left = 272.0
margin_top = 204.0
margin_right = 336.0
margin_bottom = 268.0
texture = SubResource( 1 )
scene = ExtResource( 29 )

[node name="Chunk21" parent="WorldMap" index="20" instance=ExtResource( 2 )]
margin_top = 272.0
margin_bottom = 336.0
texture = SubResource( 1 )
scene = ExtResource( 13 )

[node name="Chunk22" parent="WorldMap" index="21" instance=ExtResource( 2 )]
margin_left = 68.0
margin_top = 272.0
margin_right = 132.0
margin_bottom = 336.0
texture = SubResource( 1 )
scene = ExtResource( 14 )

[node name="Chunk23" parent="WorldMap" index="22" instance=ExtResource( 2 )]
margin_left = 136.0
margin_top = 272.0
margin_right = 200.0
margin_bottom = 336.0
texture = SubResource( 1 )
scene = ExtResource( 3 )

[node name="Chunk24" parent="WorldMap" index="23" instance=ExtResource( 2 )]
margin_left = 204.0
margin_top = 272.0
margin_right = 268.0
margin_bottom = 336.0
texture = SubResource( 1 )
scene = ExtResource( 23 )

[node name="Chunk25" parent="WorldMap" index="24" instance=ExtResource( 2 )]
margin_left = 272.0
margin_top = 272.0
margin_right = 336.0
margin_bottom = 336.0
texture = SubResource( 1 )
scene = ExtResource( 28 )
