[gd_scene load_steps=31 format=2]

[ext_resource path="res://old/ui/common/HeaderFont.tres" type="DynamicFont" id=1]
[ext_resource path="res://old/ui/hud/UI.gd" type="Script" id=2]
[ext_resource path="res://old/ui/hud/spell_menu/SpellButton.tscn" type="PackedScene" id=3]
[ext_resource path="res://asset/sprite/grimoire.png" type="Texture" id=4]
[ext_resource path="res://old/ui/hud/hp/HP.tscn" type="PackedScene" id=5]
[ext_resource path="res://asset/sprite/colored_transparent_packed.png" type="Texture" id=6]
[ext_resource path="res://old/ui/common/TextFont.tres" type="DynamicFont" id=7]
[ext_resource path="res://old/ui/hud/log/Log.gd" type="Script" id=8]
[ext_resource path="res://old/ui/hud/hint/HintContainer.tscn" type="PackedScene" id=9]
[ext_resource path="res://old/ui/common/GenericButton.tscn" type="PackedScene" id=10]
[ext_resource path="res://old/ui/common/DefaultPanel.tscn" type="PackedScene" id=11]
[ext_resource path="res://asset/sprite/experimental.png" type="Texture" id=12]
[ext_resource path="res://old/ui/hud/spell_menu/EraseButton.tscn" type="PackedScene" id=13]
[ext_resource path="res://old/ui/hud/confirm_popup/ConfirmPopup.tscn" type="PackedScene" id=14]

[sub_resource type="InputEventAction" id=1]
action = "shortcut_1"
pressed = true

[sub_resource type="ShortCut" id=2]
shortcut = SubResource( 1 )

[sub_resource type="InputEventAction" id=3]
action = "shortcut_2"
pressed = true

[sub_resource type="ShortCut" id=4]
shortcut = SubResource( 3 )

[sub_resource type="InputEventAction" id=5]
action = "shortcut_3"
pressed = true

[sub_resource type="ShortCut" id=6]
shortcut = SubResource( 5 )

[sub_resource type="InputEventAction" id=7]
action = "shortcut_4"
pressed = true

[sub_resource type="ShortCut" id=8]
shortcut = SubResource( 7 )

[sub_resource type="InputEventAction" id=9]
action = "shortcut_5"
pressed = true

[sub_resource type="ShortCut" id=10]
shortcut = SubResource( 9 )

[sub_resource type="AtlasTexture" id=11]
atlas = ExtResource( 6 )
region = Rect2( 464, 240, 16, 16 )

[sub_resource type="AtlasTexture" id=12]
atlas = ExtResource( 6 )
region = Rect2( 480, 240, 16, 16 )

[sub_resource type="AtlasTexture" id=13]
atlas = ExtResource( 6 )
region = Rect2( 528, 352, 16, 16 )

[sub_resource type="AtlasTexture" id=14]
atlas = ExtResource( 12 )
region = Rect2( 32, 0, 16, 16 )

[sub_resource type="StyleBoxEmpty" id=15]

[sub_resource type="StyleBoxEmpty" id=16]

[node name="UI" type="Control"]
anchor_right = 1.0
anchor_bottom = 1.0
mouse_filter = 2
script = ExtResource( 2 )
__meta__ = {
"_edit_use_anchors_": false
}
SPELL_BTN_SCENE = ExtResource( 3 )
GRIMOIRE_PATH = NodePath("LeftSideBar/Layout/Spells/Layout/Margin/Grimoire")
INSPECTOR_PATH = NodePath("RightSideBar/Layout/CenterContainer/Inspector")
HINT_CONTAINER_PATH = NodePath("MapOverlay/HintContainer")
CONFIRM_POPUP = NodePath("MapOverlay/ConfirmPopup")
PRIMARY_ACTION_HINT = NodePath("LeftSideBar/Layout/PrimaryAction/Label")
SECONDARY_ACTION_HINT = NodePath("LeftSideBar/Layout/SecondaryAction/Label")
SPECIAL_ACTION_HINT = NodePath("LeftSideBar/Layout/SpecialAction/Label")

[node name="LeftSideBar" type="MarginContainer" parent="."]
anchor_bottom = 1.0
margin_right = 160.0
rect_min_size = Vector2( 160, 720 )
custom_constants/margin_right = 16
custom_constants/margin_top = 16
custom_constants/margin_left = 16
custom_constants/margin_bottom = 16
__meta__ = {
"_edit_use_anchors_": false
}

[node name="Layout" type="VBoxContainer" parent="LeftSideBar"]
margin_left = 16.0
margin_top = 16.0
margin_right = 144.0
margin_bottom = 704.0
custom_constants/separation = 16
alignment = 1
__meta__ = {
"_edit_use_anchors_": false,
"_editor_description_": ""
}

[node name="Spells" type="MarginContainer" parent="LeftSideBar/Layout"]
margin_top = 26.0
margin_right = 128.0
margin_bottom = 406.0
custom_constants/margin_top = 8
custom_constants/margin_bottom = 8

[node name="Layout" type="VBoxContainer" parent="LeftSideBar/Layout/Spells"]
margin_top = 8.0
margin_right = 128.0
margin_bottom = 372.0

[node name="TextureRect" type="TextureRect" parent="LeftSideBar/Layout/Spells/Layout"]
margin_right = 128.0
margin_bottom = 64.0
rect_min_size = Vector2( 104, 64 )
size_flags_horizontal = 9
size_flags_vertical = 0
texture = ExtResource( 4 )
expand = true
stretch_mode = 6

[node name="Span" type="CenterContainer" parent="LeftSideBar/Layout/Spells/Layout"]
margin_top = 68.0
margin_right = 128.0
margin_bottom = 84.0
rect_min_size = Vector2( 104, 16 )
size_flags_horizontal = 9

[node name="ColorRect" type="ColorRect" parent="LeftSideBar/Layout/Spells/Layout/Span"]
margin_left = 60.0
margin_right = 68.0
margin_bottom = 16.0
rect_min_size = Vector2( 8, 16 )

[node name="Margin" type="MarginContainer" parent="LeftSideBar/Layout/Spells/Layout"]
margin_top = 88.0
margin_right = 128.0
margin_bottom = 344.0

[node name="Grimoire" type="GridContainer" parent="LeftSideBar/Layout/Spells/Layout/Margin"]
margin_left = 14.0
margin_right = 114.0
margin_bottom = 256.0
rect_min_size = Vector2( 48, 200 )
size_flags_horizontal = 4
custom_constants/hseparation = 10
columns = 3

[node name="Shortcut1" type="Label" parent="LeftSideBar/Layout/Spells/Layout/Margin/Grimoire"]
margin_top = 8.0
margin_right = 16.0
margin_bottom = 40.0
size_flags_horizontal = 8
custom_fonts/font = ExtResource( 1 )
text = "1"
align = 2
valign = 1

[node name="UseSpell1" parent="LeftSideBar/Layout/Spells/Layout/Margin/Grimoire" instance=ExtResource( 3 )]
margin_left = 26.0
margin_right = 74.0
size_flags_horizontal = 8
shortcut = SubResource( 2 )

[node name="EraseButton1" parent="LeftSideBar/Layout/Spells/Layout/Margin/Grimoire" instance=ExtResource( 13 )]
margin_left = 84.0
margin_top = 15.0
margin_right = 100.0
margin_bottom = 33.0
size_flags_horizontal = 8

[node name="Shortcut2" type="Label" parent="LeftSideBar/Layout/Spells/Layout/Margin/Grimoire"]
margin_top = 60.0
margin_right = 16.0
margin_bottom = 92.0
size_flags_horizontal = 8
custom_fonts/font = ExtResource( 1 )
text = "2"
align = 2
valign = 1

[node name="UseSpell2" parent="LeftSideBar/Layout/Spells/Layout/Margin/Grimoire" instance=ExtResource( 3 )]
margin_left = 26.0
margin_top = 52.0
margin_right = 74.0
margin_bottom = 100.0
size_flags_horizontal = 8
shortcut = SubResource( 4 )

[node name="EraseButton2" parent="LeftSideBar/Layout/Spells/Layout/Margin/Grimoire" instance=ExtResource( 13 )]
margin_left = 84.0
margin_top = 67.0
margin_right = 100.0
margin_bottom = 85.0
size_flags_horizontal = 8

[node name="Shortcut3" type="Label" parent="LeftSideBar/Layout/Spells/Layout/Margin/Grimoire"]
margin_top = 112.0
margin_right = 16.0
margin_bottom = 144.0
size_flags_horizontal = 8
custom_fonts/font = ExtResource( 1 )
text = "3"
align = 2
valign = 1

[node name="UseSpell3" parent="LeftSideBar/Layout/Spells/Layout/Margin/Grimoire" instance=ExtResource( 3 )]
margin_left = 26.0
margin_top = 104.0
margin_right = 74.0
margin_bottom = 152.0
size_flags_horizontal = 8
shortcut = SubResource( 6 )

[node name="EraseButton3" parent="LeftSideBar/Layout/Spells/Layout/Margin/Grimoire" instance=ExtResource( 13 )]
margin_left = 84.0
margin_top = 119.0
margin_right = 100.0
margin_bottom = 137.0
size_flags_horizontal = 8

[node name="Shortcut4" type="Label" parent="LeftSideBar/Layout/Spells/Layout/Margin/Grimoire"]
margin_top = 164.0
margin_right = 16.0
margin_bottom = 196.0
size_flags_horizontal = 8
custom_fonts/font = ExtResource( 1 )
text = "4"
align = 2
valign = 1

[node name="UseSpell4" parent="LeftSideBar/Layout/Spells/Layout/Margin/Grimoire" instance=ExtResource( 3 )]
margin_left = 26.0
margin_top = 156.0
margin_right = 74.0
margin_bottom = 204.0
size_flags_horizontal = 8
shortcut = SubResource( 8 )

[node name="EraseButton4" parent="LeftSideBar/Layout/Spells/Layout/Margin/Grimoire" instance=ExtResource( 13 )]
margin_left = 84.0
margin_top = 171.0
margin_right = 100.0
margin_bottom = 189.0
size_flags_horizontal = 8

[node name="Shortcut5" type="Label" parent="LeftSideBar/Layout/Spells/Layout/Margin/Grimoire"]
margin_top = 216.0
margin_right = 16.0
margin_bottom = 248.0
size_flags_horizontal = 8
custom_fonts/font = ExtResource( 1 )
text = "5"
align = 2
valign = 1

[node name="UseSpell5" parent="LeftSideBar/Layout/Spells/Layout/Margin/Grimoire" instance=ExtResource( 3 )]
margin_left = 26.0
margin_top = 208.0
margin_right = 74.0
margin_bottom = 256.0
size_flags_horizontal = 8
shortcut = SubResource( 10 )

[node name="EraseButton5" parent="LeftSideBar/Layout/Spells/Layout/Margin/Grimoire" instance=ExtResource( 13 )]
margin_left = 84.0
margin_top = 223.0
margin_right = 100.0
margin_bottom = 241.0
size_flags_horizontal = 8

[node name="Span2" type="CenterContainer" parent="LeftSideBar/Layout/Spells/Layout"]
margin_top = 348.0
margin_right = 128.0
margin_bottom = 364.0
rect_min_size = Vector2( 104, 16 )
size_flags_horizontal = 9

[node name="ColorRect" type="ColorRect" parent="LeftSideBar/Layout/Spells/Layout/Span2"]
margin_left = 60.0
margin_right = 68.0
margin_bottom = 16.0
rect_min_size = Vector2( 8, 16 )

[node name="Span" type="Control" parent="LeftSideBar/Layout"]
margin_top = 422.0
margin_right = 128.0
margin_bottom = 518.0
rect_min_size = Vector2( 0, 96 )

[node name="PrimaryAction" type="HBoxContainer" parent="LeftSideBar/Layout"]
margin_top = 534.0
margin_right = 128.0
margin_bottom = 566.0
rect_min_size = Vector2( 128, 0 )
size_flags_horizontal = 4
alignment = 2

[node name="Label" type="Label" parent="LeftSideBar/Layout/PrimaryAction"]
margin_left = 4.0
margin_top = 8.0
margin_right = 76.0
margin_bottom = 24.0
text = "DIRECTION"

[node name="TextureRect" type="TextureRect" parent="LeftSideBar/Layout/PrimaryAction"]
margin_left = 80.0
margin_right = 128.0
margin_bottom = 32.0
rect_min_size = Vector2( 48, 32 )
texture = SubResource( 11 )
expand = true
stretch_mode = 6

[node name="SecondaryAction" type="HBoxContainer" parent="LeftSideBar/Layout"]
margin_top = 582.0
margin_right = 128.0
margin_bottom = 614.0
rect_min_size = Vector2( 128, 0 )
size_flags_horizontal = 4
alignment = 2

[node name="Label" type="Label" parent="LeftSideBar/Layout/SecondaryAction"]
margin_left = 44.0
margin_top = 8.0
margin_right = 76.0
margin_bottom = 24.0
text = "WAIT"
__meta__ = {
"_edit_use_anchors_": false
}

[node name="TextureRect" type="TextureRect" parent="LeftSideBar/Layout/SecondaryAction"]
margin_left = 80.0
margin_right = 128.0
margin_bottom = 32.0
rect_min_size = Vector2( 48, 32 )
texture = SubResource( 12 )
expand = true
stretch_mode = 6

[node name="SpecialAction" type="HBoxContainer" parent="LeftSideBar/Layout"]
margin_top = 630.0
margin_right = 128.0
margin_bottom = 662.0
rect_min_size = Vector2( 128, 0 )
size_flags_horizontal = 4
alignment = 2

[node name="Label" type="Label" parent="LeftSideBar/Layout/SpecialAction"]
margin_left = 52.0
margin_top = 8.0
margin_right = 76.0
margin_bottom = 24.0
text = "---"

[node name="TextureRect" type="TextureRect" parent="LeftSideBar/Layout/SpecialAction"]
margin_left = 80.0
margin_right = 128.0
margin_bottom = 32.0
rect_min_size = Vector2( 48, 32 )
texture = SubResource( 13 )
expand = true
stretch_mode = 6

[node name="RightSideBar" type="MarginContainer" parent="."]
anchor_left = 1.0
anchor_right = 1.0
anchor_bottom = 1.0
margin_left = -448.0
custom_constants/margin_right = 16
custom_constants/margin_top = 16
custom_constants/margin_left = 16
custom_constants/margin_bottom = 16
__meta__ = {
"_edit_use_anchors_": false
}

[node name="Layout" type="VBoxContainer" parent="RightSideBar"]
margin_left = 16.0
margin_top = 16.0
margin_right = 432.0
margin_bottom = 704.0
custom_constants/separation = 16
alignment = 1
__meta__ = {
"_edit_use_anchors_": false
}

[node name="Character" type="HBoxContainer" parent="RightSideBar/Layout"]
margin_left = 8.0
margin_top = 22.0
margin_right = 408.0
margin_bottom = 118.0
rect_min_size = Vector2( 0, 96 )
size_flags_horizontal = 4
custom_constants/separation = 16

[node name="TextureRect" type="TextureRect" parent="RightSideBar/Layout/Character"]
margin_top = 16.0
margin_right = 64.0
margin_bottom = 80.0
rect_min_size = Vector2( 64, 64 )
size_flags_horizontal = 0
size_flags_vertical = 4
texture = SubResource( 14 )
expand = true
stretch_mode = 5

[node name="Stats" type="VBoxContainer" parent="RightSideBar/Layout/Character"]
margin_left = 80.0
margin_right = 400.0
margin_bottom = 96.0
alignment = 1

[node name="HP" parent="RightSideBar/Layout/Character/Stats" instance=ExtResource( 5 )]
margin_top = 32.0
margin_right = 320.0
margin_bottom = 64.0
rect_min_size = Vector2( 320, 0 )
size_flags_horizontal = 0
size_flags_vertical = 4
alignment = 0

[node name="Sep" type="ColorRect" parent="RightSideBar/Layout"]
margin_left = 28.0
margin_top = 134.0
margin_right = 388.0
margin_bottom = 136.0
rect_min_size = Vector2( 360, 2 )
size_flags_horizontal = 4

[node name="CenterContainer" type="MarginContainer" parent="RightSideBar/Layout"]
margin_left = 28.0
margin_top = 152.0
margin_right = 388.0
margin_bottom = 312.0
rect_min_size = Vector2( 360, 160 )
size_flags_horizontal = 4
custom_constants/margin_right = 12
custom_constants/margin_top = 12
custom_constants/margin_left = 12
custom_constants/margin_bottom = 12

[node name="Inspector" type="RichTextLabel" parent="RightSideBar/Layout/CenterContainer"]
margin_left = 12.0
margin_top = 12.0
margin_right = 348.0
margin_bottom = 148.0
rect_min_size = Vector2( 320, 120 )
custom_fonts/normal_font = ExtResource( 7 )
text = "This is a test
Things will be written here!"

[node name="Sep2" type="ColorRect" parent="RightSideBar/Layout"]
margin_left = 28.0
margin_top = 328.0
margin_right = 388.0
margin_bottom = 330.0
rect_min_size = Vector2( 360, 2 )
size_flags_horizontal = 4

[node name="Span2" type="Control" parent="RightSideBar/Layout"]
margin_top = 346.0
margin_right = 416.0
margin_bottom = 354.0
rect_min_size = Vector2( 0, 8 )

[node name="Log" type="TextEdit" parent="RightSideBar/Layout"]
margin_left = 28.0
margin_top = 370.0
margin_right = 388.0
margin_bottom = 610.0
rect_min_size = Vector2( 360, 240 )
mouse_filter = 2
mouse_default_cursor_shape = 0
size_flags_horizontal = 4
custom_styles/read_only = SubResource( 15 )
custom_styles/normal = SubResource( 16 )
custom_fonts/font = ExtResource( 7 )
text = "Welcome!
This is Grimoire"
readonly = true
wrap_enabled = true
script = ExtResource( 8 )
__meta__ = {
"_edit_use_anchors_": false
}

[node name="Quit" parent="RightSideBar/Layout" instance=ExtResource( 10 )]
margin_left = 352.0
margin_top = 626.0
margin_right = 416.0
margin_bottom = 666.0
rect_min_size = Vector2( 64, 0 )
size_flags_horizontal = 8
text = "Quit"

[node name="MapOverlay" type="Control" parent="."]
anchor_bottom = 1.0
margin_left = 160.0
margin_top = 24.0
margin_right = 832.0
margin_bottom = -24.0
mouse_filter = 2
__meta__ = {
"_edit_use_anchors_": false
}

[node name="Border" parent="MapOverlay" instance=ExtResource( 11 )]
anchor_right = 1.0
anchor_bottom = 1.0
margin_left = -2.0
margin_top = -2.0
margin_right = 2.0
margin_bottom = 2.0
mouse_filter = 2

[node name="HintContainer" parent="MapOverlay" instance=ExtResource( 9 )]
visible = false
margin_right = 88.0

[node name="CenterContainer" type="CenterContainer" parent="MapOverlay"]
anchor_right = 1.0
anchor_bottom = 1.0
mouse_filter = 2
__meta__ = {
"_edit_use_anchors_": false
}

[node name="ConfirmPopup" parent="MapOverlay" instance=ExtResource( 14 )]
visible = false

[connection signal="pressed" from="RightSideBar/Layout/Quit" to="." method="_on_exit_pressed"]
