[gd_scene load_steps=23 format=2]

[ext_resource path="res://old/gameplay/entity/Entity.tscn" type="PackedScene" id=1]
[ext_resource path="res://asset/sprite/colored_transparent_packed.png" type="Texture" id=2]
[ext_resource path="res://old/gameplay/property/actor/Actor.tscn" type="PackedScene" id=3]
[ext_resource path="res://old/gameplay/common/MovementProfile.gd" type="Script" id=4]
[ext_resource path="res://old/gameplay/property/ai/marcher/Marcher.tscn" type="PackedScene" id=5]
[ext_resource path="res://old/gameplay/property/direction/Direction.tscn" type="PackedScene" id=6]
[ext_resource path="res://old/gameplay/property/turn/Turn.tscn" type="PackedScene" id=7]
[ext_resource path="res://old/gameplay/ability/Walk.tscn" type="PackedScene" id=8]
[ext_resource path="res://old/gameplay/property/sensor/AreaSensor.gd" type="Script" id=9]
[ext_resource path="res://old/gameplay/effect/SenseEffect.gd" type="Script" id=10]
[ext_resource path="res://old/gameplay/property/Property.gd" type="Script" id=11]
[ext_resource path="res://old/gameplay/effect/EnergyEffect.gd" type="Script" id=12]
[ext_resource path="res://old/gameplay/command/OnArea.gd" type="Script" id=13]
[ext_resource path="res://old/gameplay/ability/Ability.tscn" type="PackedScene" id=14]
[ext_resource path="res://old/gameplay/command/NewEffect.gd" type="Script" id=15]
[ext_resource path="res://old/gameplay/command/OnSelf.gd" type="Script" id=16]
[ext_resource path="res://old/vfx/splash/Hit.tscn" type="PackedScene" id=17]

[sub_resource type="AtlasTexture" id=1]
atlas = ExtResource( 2 )
region = Rect2( 432, 176, 16, 16 )

[sub_resource type="Resource" id=2]
resource_local_to_scene = true
resource_name = "MovementProfile"
script = ExtResource( 4 )
mask = 32
operation = 0

[sub_resource type="GDScript" id=3]
script/source = "extends Rule

func _process_effect(_map: Map, effect: Effect) -> Effect:
	var sense_effect := effect as SenseEffect
	if AreaSensor.entered_area(sense_effect):
		pass
		var energy_effect := EnergyEffect \\
			.new() \\
			.with_energy(1) \\
			.on(get_self_entity())
		sense_effect = sense_effect.then(energy_effect)
	return sense_effect
"

[sub_resource type="GDScript" id=4]
script/source = "extends TriggerRule

func _apply_effect(map: Map, _effect: Effect):
	trigger_ability(map)
"

[sub_resource type="Resource" id=5]
resource_name = "MovementProfile"
script = ExtResource( 4 )
mask = 63
operation = 0

[node name="OrbOfDestruction" instance=ExtResource( 1 )]
self_modulate = Color( 0.482353, 0.219608, 1, 1 )
texture = SubResource( 1 )
entity_name = "Orb of Destruction"
movement_profile = SubResource( 2 )

[node name="Actor" parent="." index="0" instance=ExtResource( 3 )]
SPEED = -3

[node name="Turn" parent="." index="1" instance=ExtResource( 7 )]

[node name="Marcher" parent="." index="2" instance=ExtResource( 5 )]

[node name="Walk" parent="Marcher" index="0" instance=ExtResource( 8 )]

[node name="Direction" parent="." index="3" instance=ExtResource( 6 )]

[node name="AreaSensor" type="Node2D" parent="." index="4"]
script = ExtResource( 9 )
INFO = "self-destructs"

[node name="SelfDestructs" type="Node" parent="AreaSensor" index="0"]
script = SubResource( 3 )
EFFECT_TYPES = [ ExtResource( 10 ) ]
PROCESSES_EFFECT = true
APPLIES_EFFECT = null

[node name="Volatile" type="Node2D" parent="." index="5"]
script = ExtResource( 11 )
INFO = "explodes (IMPACT 10)"

[node name="Destruction" type="Node" parent="Volatile" index="0"]
script = SubResource( 4 )
EFFECT_TYPES = [ ExtResource( 12 ) ]
APPLIES_EFFECT = true

[node name="Explode" parent="Volatile/Destruction" index="0" instance=ExtResource( 14 )]

[node name="OnArea" type="Node" parent="Volatile/Destruction/Explode" index="0"]
script = ExtResource( 13 )
RADIUS = 1
movement_profile = SubResource( 5 )
VFX_SCN = ExtResource( 17 )

[node name="BOOM" type="Node" parent="Volatile/Destruction/Explode/OnArea" index="0"]
script = ExtResource( 15 )
effect_type = "EnergyEffect"
value = 0
value_constant = 10
trait/impact = true
trait/fire = false
trait/life = false
trait/shock = false

[node name="OnSelf" type="Node" parent="Volatile/Destruction/Explode" index="1"]
script = ExtResource( 16 )

[node name="Destroy" type="Node" parent="Volatile/Destruction/Explode/OnSelf" index="0"]
script = ExtResource( 15 )
effect_type = "DestroyEffect"
